<?xml version="1.0" encoding="UTF-8"?><collection xmlns="http://www.loc.gov/MARC21/slim"><record><leader>00440nam--2200133-i-4500</leader><controlfield tag="001">000011022</controlfield><controlfield tag="002">20161230</controlfield><controlfield tag="005">20161230201029</controlfield><controlfield tag="008">060222s1000------------r-----000-0-eng-d</controlfield><datafield ind1=" " ind2=" " tag="020"><subfield code="a">52P.+ 5FIG</subfield></datafield><datafield ind1=" " ind2=" " tag="100"><subfield code="a">Couderc, Bernard</subfield></datafield><datafield ind1=" " ind2=" " tag="245"><subfield code="a">Les irradiations segmentaires par champs complexes: problemes geometriques et dosimetriques</subfield></datafield><datafield ind1=" " ind2=" " tag="260"><subfield code="a">Les Solutions Adoptees Au C.A.C De Toulouse. These</subfield></datafield><datafield ind1=" " ind2=" " tag="490"><subfield code="a">Universite Paul Sabatier Toulouse, 1972</subfield></datafield></record></collection>